<record><leader>00000cas a22000007a 4500</leader><controlfield tag="001">17202394</controlfield><controlfield tag="008">871208c198u9999wiuwr ne      0   a0eng d</controlfield><datafield ind1=" " ind2=" " tag="010"><subfield code="a">sn 87003545 </subfield></datafield><datafield ind1=" " ind2=" " tag="040"><subfield code="a">NSD</subfield><subfield code="b">eng</subfield><subfield code="c">NSD</subfield><subfield code="d">OCLCQ</subfield></datafield><datafield ind1=" " ind2=" " tag="012"><subfield code="m">1</subfield></datafield><datafield ind1="1" ind2=" " tag="022"><subfield code="a">0896-5560</subfield><subfield code="l">0896-5560</subfield><subfield code="2">1</subfield></datafield><datafield ind1=" " ind2=" " tag="032"><subfield code="a">044680</subfield><subfield code="b">USPS</subfield></datafield><datafield ind1=" " ind2=" " tag="037"><subfield code="b">Barron News-Shield, 219 East LaSalle Ave., Barron, WI 54812</subfield></datafield><datafield ind1=" " ind2=" " tag="042"><subfield code="a">nsdp</subfield></datafield><datafield ind1=" " ind2="0" tag="222"><subfield code="a">Barron news-shield</subfield></datafield><datafield ind1="0" ind2="0" tag="245"><subfield code="a">Barron news-shield.</subfield></datafield><datafield ind1=" " ind2=" " tag="260"><subfield code="a">Barron, Wis. :</subfield><subfield code="b">Bell Press</subfield></datafield><datafield ind1=" " ind2=" " tag="300"><subfield code="a">v.</subfield></datafield><datafield ind1=" " ind2=" " tag="310"><subfield code="a">Weekly</subfield></datafield><datafield ind1=" " ind2=" " tag="588"><subfield code="a">Description based on: Vol. 112, no. 38 (Wednesday, Nov. 11, 1987).</subfield></datafield><datafield ind1=" " ind2=" " tag="752"><subfield code="a">United States</subfield><subfield code="b">Wisconsin</subfield><subfield code="c">Barron</subfield><subfield code="d">Barron.</subfield></datafield><datafield ind1="0" ind2="0" tag="780"><subfield code="t">Barron County news-shield</subfield><subfield code="x">0749-7229</subfield><subfield code="w">(DLC)sn 84001212</subfield></datafield></record>